@misc{website:cat_dog_solution,
      author = "Alexandre Barachant and Rafal Cycon",
      title = "Kaggle - Grasp and Lift Detection",
      month = "August",
      year = "2015",
      note = "\url{https://github.com/alexandrebarachant/Grasp-and-lift-EEG-challenge}"
},
@misc{website:kaggle-competition,
      author = "Kaggle Inc",
      title = "The Home of Data Science",
      month = "June",
      year = "2015",
      note = "\url{https://www.kaggle.com/c/grasp-and-lift-eeg-detection}"
},
@misc{website:attempt_2,
      author = "Anirudhan J Rajagopalan and Michele Ceru",
      title = "Attempt 2 at running the baseline",
      month = "September",
      year = "2015",
      note = "\url{https://github.com/mc3784/Computational-Machine-Learning-/blob/master/baseline/level1.q}"
},
@misc{website:nyuhpc,
      author = "High Performance Computing, New York University",
      note = "\url{http://hpc.nyu.edu}"
},
@misc{website:way_consoritum,
      author = "Way Consoritum",
      title = "Wearable interfaces for hAnd function recoverY",
      note = "\url{http://www.wayproject.eu/}"
}
@article{naturegal,
      author="Matthew D Luciw and Ewa Jarocka and Benoni B Edin",
      title="Multi-channel EEG recordings during 3,936 grasp and lift trials with varying weight and friction",
      journal="",
      publisher="Macmillan Publishers Limited",
      year="2014",
      month="November",
      note="\url{http://dx.doi.org/10.1038/sdata.2014.47}"
},
